<marc:record xmlns:marc="http://www.loc.gov/MARC21/slim" xmlns:xsi="http://www.w3.org/2001/XMLSchema-instance" xsi:schemaLocation="http://www.loc.gov/MARC21/slim http://www.loc.gov/standards/marcxml/schema/MARC21slim.xsd">
  <marc:leader>00000cam a22      a 4500</marc:leader>
  <marc:controlfield tag="001">001686791</marc:controlfield>
  <marc:controlfield tag="003">OCoLC</marc:controlfield>
  <marc:controlfield tag="005">20100607154240.0</marc:controlfield>
  <marc:controlfield tag="008">010214s1927    ua a          000 0aara d</marc:controlfield>
  <marc:datafield tag="035" ind1=" " ind2=" ">
    <marc:subfield code="a">(OCoLC)60505866</marc:subfield>
  </marc:datafield>
  <marc:datafield tag="040" ind1=" " ind2=" ">
    <marc:subfield code="a">MEAUC</marc:subfield>
    <marc:subfield code="c">MEAUC</marc:subfield>
    <marc:subfield code="d">OCLCG</marc:subfield>
    <marc:subfield code="d">CLU</marc:subfield>
  </marc:datafield>
  <marc:datafield tag="050" ind1="1" ind2="4">
    <marc:subfield code="a">PJ7864</marc:subfield>
    <marc:subfield code="b">.T138m</marc:subfield>
  </marc:datafield>
  <marc:datafield tag="100" ind1="1" ind2=" ">
    <marc:subfield code="6">01</marc:subfield>
    <marc:subfield code="a">Taymūr, Muḥammad,</marc:subfield>
    <marc:subfield code="d">1892-1921.</marc:subfield>
  </marc:datafield>
  <marc:datafield tag="100" ind1="1" ind2=" ">
    <marc:subfield code="6">01</marc:subfield>
    <marc:subfield code="a">تيمور، محمود،</marc:subfield>
    <marc:subfield code="d">1892-1921.</marc:subfield>
  </marc:datafield>
  <marc:datafield tag="245" ind1="1" ind2="0">
    <marc:subfield code="6">02</marc:subfield>
    <marc:subfield code="a">Mā tarāhu al-ʻuyūn /</marc:subfield>
    <marc:subfield code="c">Muḥammad Taymūr.</marc:subfield>
  </marc:datafield>
  <marc:datafield tag="245" ind1="1" ind2="0">
    <marc:subfield code="6">02</marc:subfield>
    <marc:subfield code="a">ما تراه العيون /</marc:subfield>
    <marc:subfield code="c">محمود تيمور.</marc:subfield>
  </marc:datafield>
  <marc:datafield tag="250" ind1=" " ind2=" ">
    <marc:subfield code="6">03</marc:subfield>
    <marc:subfield code="a">al-Ṭabʻah 2, muzayyinah bi-al-ṣuwar.</marc:subfield>
  </marc:datafield>
  <marc:datafield tag="250" ind1=" " ind2=" ">
    <marc:subfield code="6">03</marc:subfield>
    <marc:subfield code="a">الطبعة 2, مزينة بالصور.</marc:subfield>
  </marc:datafield>
  <marc:datafield tag="260" ind1=" " ind2=" ">
    <marc:subfield code="6">04</marc:subfield>
    <marc:subfield code="a">al-Qāhirah :</marc:subfield>
    <marc:subfield code="b">al-Maṭbaʻah al-Salafīyah wa-Maktabuhā,</marc:subfield>
    <marc:subfield code="c">1927.</marc:subfield>
  </marc:datafield>
  <marc:datafield tag="260" ind1=" " ind2=" ">
    <marc:subfield code="6">04</marc:subfield>
    <marc:subfield code="a">القاهرة :</marc:subfield>
    <marc:subfield code="b">المطبعة السلفية ومكتبها،</marc:subfield>
    <marc:subfield code="c">1927.</marc:subfield>
  </marc:datafield>
  <marc:datafield tag="300" ind1=" " ind2=" ">
    <marc:subfield code="a">159 p. :</marc:subfield>
    <marc:subfield code="b">ill. ;</marc:subfield>
    <marc:subfield code="c">20 cm.</marc:subfield>
  </marc:datafield>
</marc:record>
